@misc{nomSite1,
    author = {AuteurSite1},
    title = {titre1},
    howpublished = {\url{<https://adresse.du.site1>}},
    year = {année1},
    publisher = {éditeurSite1},
    note = "[note1]\ \ref{labelSite1}"
}@misc{nomSite2,
    author = {AuteurSite2},
    title = {titre2},
    howpublished = {\url{<https://adresse.du.site2>}},
    year = {année2},
    publisher = {éditeurSite2},
    note = "[note2]\ \ref{labelSite2}"
}
@book{nomLivre1,
    author = {auteurLivre1},
    title = {titre du Livre1},
    year = {annéeLivre1},
    publisher = {éditeurLivre1},
    note = "[notes livre 1]\ \ref{labelLivre1}"
}
@book{nomLivre2,
    author = {auteurLivre2},
    title = {titre du Livre2},
    year = {annéeLivre2},
    publisher = {éditeurLivre2},
    note = "[notes livre 2]\ \ref{labelLivre2}"
}
